<record><leader>00000cas a22000007a 4500</leader><controlfield tag="001">12141346</controlfield><controlfield tag="008">850611d18481856wvuwr ne      0    0eng d</controlfield><datafield ind1=" " ind2=" " tag="010"><subfield code="a">sn 85038295 </subfield></datafield><datafield ind1=" " ind2=" " tag="040"><subfield code="a">NPY</subfield><subfield code="b">eng</subfield><subfield code="c">NPY</subfield><subfield code="d">WVC</subfield><subfield code="d">DLC</subfield><subfield code="d">NVK</subfield><subfield code="d">OCL</subfield><subfield code="d">NVK</subfield><subfield code="d">HLS</subfield><subfield code="d">OCLCQ</subfield><subfield code="d">OCLCF</subfield><subfield code="d">OCLCO</subfield></datafield><datafield ind1="1" ind2=" " tag="029"><subfield code="a">AU@</subfield><subfield code="b">000020379513</subfield></datafield><datafield ind1=" " ind2=" " tag="042"><subfield code="a">msc</subfield></datafield><datafield ind1=" " ind2=" " tag="043"><subfield code="a">n-us-wv</subfield></datafield><datafield ind1="0" ind2="0" tag="245"><subfield code="a">Wellsburg weekly herald.</subfield></datafield><datafield ind1="1" ind2=" " tag="246"><subfield code="i">Issues for Dec. 5, 1851-Nov. 26, 1852 called:</subfield><subfield code="a">Weekly herald</subfield></datafield><datafield ind1=" " ind2=" " tag="260"><subfield code="a">Wellsburg, Va. [W. Va.] :</subfield><subfield code="b">J.A. Metcalf,</subfield><subfield code="c">-1856.</subfield></datafield><datafield ind1=" " ind2=" " tag="300"><subfield code="a">v. ;</subfield><subfield code="c">62 cm.</subfield></datafield><datafield ind1=" " ind2=" " tag="310"><subfield code="a">Weekly</subfield></datafield><datafield ind1="1" ind2=" " tag="362"><subfield code="a">Began in Dec. 1848?</subfield></datafield><datafield ind1="0" ind2=" " tag="362"><subfield code="a">-v. 10, no. 52 (Nov. 21, 1856).</subfield></datafield><datafield ind1=" " ind2=" " tag="500"><subfield code="a">Publisher varies: J.G. Jakob &amp; J.A. Smith, &lt;1850&gt;-1856.</subfield></datafield><datafield ind1=" " ind2=" " tag="530"><subfield code="a">Available on microfilm from U.M.I.</subfield></datafield><datafield ind1=" " ind2=" " tag="588"><subfield code="a">Description based on: Vol. 2, no. 44 (Oct. 7, 1848).</subfield></datafield><datafield ind1=" " ind2="0" tag="651"><subfield code="a">Wellsburg (W. Va.)</subfield><subfield code="v">Newspapers.</subfield></datafield><datafield ind1=" " ind2="7" tag="655"><subfield code="a">Newspapers.</subfield><subfield code="2">fast</subfield><subfield code="0">(OCoLC)fst01423814</subfield></datafield><datafield ind1=" " ind2="7" tag="651"><subfield code="a">West Virginia</subfield><subfield code="z">Wellsburg.</subfield><subfield code="2">fast</subfield><subfield code="0">(OCoLC)fst01224113</subfield></datafield><datafield ind1=" " ind2=" " tag="752"><subfield code="a">United States</subfield><subfield code="b">West Virginia</subfield><subfield code="c">Brooke</subfield><subfield code="d">Wellsburg.</subfield></datafield><datafield ind1="0" ind2="0" tag="780"><subfield code="t">Wellsburg weekly</subfield><subfield code="w">(DLC)sn 85059581</subfield></datafield><datafield ind1="0" ind2="0" tag="785"><subfield code="t">Wellsburg herald (Wellsburg, W. Va. : 1856)</subfield><subfield code="w">(DLC)sn 84026839</subfield><subfield code="w">(OCoLC)10694429</subfield></datafield></record>